<record xmlns='http://www.loc.gov/MARC21/slim'><leader>01400cam a2200361 i 4500</leader><controlfield tag='001'>8662981</controlfield><controlfield tag='005'>20220719172206.0</controlfield><controlfield tag='008'>200915t20202020sp a          000 0aspa  </controlfield><datafield ind1=' ' ind2=' ' tag='020'><subfield code='a'>9788439737728</subfield><subfield code='q'>paperback</subfield></datafield><datafield ind1=' ' ind2=' ' tag='020'><subfield code='a'>8439737726</subfield><subfield code='q'>paperback</subfield></datafield><datafield ind1=' ' ind2=' ' tag='040'><subfield code='a'>ANL</subfield><subfield code='b'>eng</subfield><subfield code='e'>rda</subfield></datafield><datafield ind1=' ' ind2=' ' tag='042'><subfield code='a'>anuc</subfield></datafield><datafield ind1='1' ind2=' ' tag='100'><subfield code='a'>Coetzee, J. M.,</subfield><subfield code='d'>1940-</subfield><subfield code='e'>author.</subfield></datafield><datafield ind1='1' ind2='3' tag='240'><subfield code='a'>De foto&apos;s van Jongensjaren.</subfield><subfield code='l'>Spanish</subfield></datafield><datafield ind1='1' ind2='0' tag='245'><subfield code='a'>J.M. Coetzee, retratos de infancia /</subfield><subfield code='c'>edición e introducción de Hermann Wittenberg ; traducción: Aurora Echevarría.</subfield></datafield><datafield ind1='1' ind2='3' tag='246'><subfield code='a'>Retratos de infancia</subfield></datafield><datafield ind1=' ' ind2=' ' tag='250'><subfield code='a'>Primera edición.</subfield></datafield><datafield ind1=' ' ind2='1' tag='264'><subfield code='a'>Barcelona :</subfield><subfield code='b'>Literatura Random House,</subfield><subfield code='c'>2020.</subfield></datafield><datafield ind1=' ' ind2='4' tag='264'><subfield code='c'>© 2020</subfield></datafield><datafield ind1=' ' ind2=' ' tag='300'><subfield code='a'>188 pages :</subfield><subfield code='b'>illustrations ;</subfield><subfield code='c'>23 cm</subfield></datafield><datafield ind1=' ' ind2=' ' tag='336'><subfield code='a'>text</subfield><subfield code='2'>rdacontent</subfield></datafield><datafield ind1=' ' ind2=' ' tag='336'><subfield code='a'>still image</subfield><subfield code='2'>rdacontent</subfield></datafield><datafield ind1=' ' ind2=' ' tag='337'><subfield code='a'>unmediated</subfield><subfield code='2'>rdamedia</subfield></datafield><datafield ind1=' ' ind2=' ' tag='338'><subfield code='a'>volume</subfield><subfield code='2'>rdacarrier</subfield></datafield><datafield ind1=' ' ind2=' ' tag='500'><subfield code='a'>Translation of: De foto&apos;s van Jongensjaren.</subfield></datafield><datafield ind1=' ' ind2=' ' tag='500'><subfield code='a'>Published in its original edition as De foto&apos;s van Jongensjaren in 2020 by Uitgeverij Cossee BV, Amsterdam</subfield></datafield><datafield ind1='1' ind2='0' tag='600'><subfield code='a'>Coetzee, J. M.,</subfield><subfield code='d'>1940-</subfield></datafield><datafield ind1='1' ind2='0' tag='600'><subfield code='a'>Coetzee, J. M.,</subfield><subfield code='d'>1940-</subfield><subfield code='x'>Childhood and youth.</subfield></datafield><datafield ind1=' ' ind2='0' tag='650'><subfield code='a'>Authors, South African</subfield><subfield code='y'>20th century</subfield><subfield code='v'>Biography.</subfield></datafield><datafield ind1=' ' ind2=' ' tag='653'><subfield code='a'>Australian</subfield></datafield><datafield ind1=' ' ind2='7' tag='655'><subfield code='a'>Autoiographies</subfield><subfield code='2'>lcgft</subfield></datafield><datafield ind1='1' ind2=' ' tag='700'><subfield code='a'>Wittenberg, Hermann,</subfield><subfield code='e'>editor,</subfield><subfield code='e'>writer of the introduction.</subfield></datafield><datafield ind1='1' ind2=' ' tag='700'><subfield code='a'>Echevarría Pérez, Aurora,</subfield><subfield code='e'>translator.</subfield></datafield></record>